<?xml version="1.0" encoding="UTF-8"?><collection xmlns="http://www.loc.gov/MARC21/slim"><record><leader>00364nam--2200133-i-4500</leader><controlfield tag="001">000040786</controlfield><controlfield tag="002">20161230</controlfield><controlfield tag="005">20161230201042</controlfield><controlfield tag="008">060222s1000------------r-----000-0-eng-d</controlfield><datafield ind1=" " ind2=" " tag="080"><subfield code="a">548.7(043)</subfield></datafield><datafield ind1=" " ind2=" " tag="100"><subfield code="a">Schutte,Casper Jan Hendrik</subfield></datafield><datafield ind1=" " ind2=" " tag="245"><subfield code="a">The vibrational behaviour of the borohydride ion. dissertation</subfield></datafield><datafield ind1=" " ind2=" " tag="260"><subfield code="a">Amsterdam, Univ.,1960. 63 P</subfield></datafield><datafield ind1=" " ind2=" " tag="852"><subfield code="a">77070</subfield></datafield></record></collection>